2506 4598
304 208 313 274 s
391 208 781 334 urceorum
834 214 933 331 ᾖ,

97 438 153 496 η
182 398 220 491 οἱ
242 416 580 496 11.-12‚1s.u..u.

113 538 176 599 19,
209 531 277 591 ·25.
303 506 424 592 (iocari
446 501 581 584 proprie
605 570 609 581 ,

115 604 159 667 de
177 596 291 663 mimir
306 593 410 659 ovid.
425 588 519 655 Trio.
527 589 569 651 11
572 632 580 649 .

118 692 209 771 497.)
236 683 332 745 Hinc
364 670 497 741 iocosue
527 672 584 737 Li-

119 779 185 838 het
203 772 314 851 (iocor
338 764 499 838 excitano>
517 760 584 838 Ly·

121 880 204 925 aeuo
220 862 318 939 („ope
339 850 412 916 viui
429 850 472 912 ad
489 844 585 909 lusu!

122 969 159 1009 ac
183 945 282 1007 iocor
308 939 529 1022 provocaue“)
547 932 583 995 0.

88 1026 92 1038 '
126 1022 506 1107 rv.1'5,-26.11121,
535 1033 587 1097 15.

128 1118 164 1181 cl.
181 1118 235 1179 H.
257 1134 316 1194 19,
334 1131 384 1189 πε.

96 1197 314 1267 Ioculariuc
326 1196 349 1264 i.
364 1217 420 1276 qu.
435 1192 586 1263 iocularis.

103 1320 106 1329 ·
127 1305 165 1353 ut
184 1286 246 1368 qui
265 1281 427 1347 iocularia
447 1264 479 1341 S.
503 1279 535 1341 Ι.
560 1295 590 1354 r„

128 1394 178 1463 23.
215 1369 299 1453 „qui
321 1390 385 1431 ‘rer
420 1364 588 1426 ioculare·

83 1522 85 1527 .
127 1473 253 1525 narrat:
274 1476 346 1519 nou
362 1453 587 1521 curnBaxtero

128 1546 161 1609 ir.
173 1547 197 1619 l.
211 1542 334 1607 exodia
348 1540 370 1608 s.
391 1535 526 1601 fabulae
540 1531 590 1596 A·

129 1633 272 1695 tellanae
329 1627 433 1704 (unde
491 1636 589 1684 natae

131 1730 227 1782 erant
267 1712 394 1778 Lucilii
445 1707 589 1792 satyrae)

131 1801 369 1883 intelligendae
388 1795 481 1868 luut;
519 1793 592 1855 nul·

131 1892 203 1953 lum
218 1887 263 1951 est
278 1883 497 1968 vestigium.“.

105 1969 328 2047 intortus,
373 1990 434 2051 pon
455 1979 594 2029 retortus.

134 2060 290 2143 quiaquia
318 2058 472 2138 ingentes
492 2051 594 2115 oculo

135 2149 289 2211 irretorto
310 2143 433 2226 spectat
457 2126 595 2201 {cervor

136 2235 252 2309 c.,11.
274 2250 307 2306 r,
342 2247 379 2293 21
402 2239 436 2288 et
455 2240 505 2287 ta.
526 2224 597 2297 der,

136 2319 225 2396 srelrt¹
276 2335 313 2377 er
368 2309 597 2385 Goldhausen,

137 2400 348 2488 (cord-und
382 2395 599 2460 sister-Schr-

138 2496 204 2563 rze)
220 2486 313 2550 nicht
325 2485 413 2548 nach
426 2483 534 2545 ihueu
543 2502 599 2549 zu·

140 2573 334 2641 rockblickt.
374 2567 456 2652 „qui
482 2587 603 2629 aurum

139 2663 188 2726 ite
208 2662 378 2733 intuetur,
411 2666 466 2730 ut,
511 2672 603 2735 prae·

83 2778 86 2819 ;
141 2747 270 2813 teriene
288 2744 342 2820 id,
371 2738 487 2804 oculor
507 2738 604 2801 adit.

141 2835 205 2899 lud
222 2852 297 2896 non
316 2837 524 2907 retorqueat,
551 2820 605 2888 fic·

143 2942 213 3003 que
228 2920 325 2982 vultu
338 2916 467 2977 nullam
480 2912 606 2973 haben·

144 3008 181 3069 di
207 3004 425 3086 cupiditatem
453 2996 606 3079 prodat.“

145 3092 267 3172 Atque
281 3089 327 3151 ita
347 3100 439 3165 recte¹
454 3086 547 3147 hunc
561 3084 606 3145 lo·

147 3200 228 3243 cum
279 3174 515 3255 interpretatur
562 3169 608 3233 eu

147 3264 234 3328 olim
255 3259 408 3345 Clericus
423 3256 499 3320 Art.
527 3256 607 3320 Crit.

148 3353 180 3433 ΙΙ.
197 3369 226 3412 r.
241 3369 274 3431 p.
291 3366 341 3427 72.
357 3345 424 3426 sqq.
446 3342 548 3422 „Non
561 3340 611 3402 in·

148 3436 292 3501 vidente
332 3433 432 3495 oculo
468 3427 611 3509 sapiens,

150 3523 299 3605 integer,
323 3517 456 3582 divitias
471 3515 565 3577 videt
578 3524 612 3574 et

152 3604 349 3673 contemnit.
384 3601 541 3684 Pingitur
558 3620 612 3662 ve·

152 3716 192 3759 ro
205 3694 272 3756 hoc
284 3694 408 3766 aerbo,
429 3690 529 3770 longe
548 3685 613 3749 ele·

153 3777 351 3861 gantiffime,
387 3776 507 3849 homo,
552 3769 614 3854 qui

97 3940 100 3947 ,
153 3887 211 3947 ue
235 3866 354 3930 oculor
390 3861 529 3943 quidem
560 3859 614 3921 de-

155 3964 293 4034 torquet
359 3948 479 4016 videnr
541 3942 616 4009 auri

1045 210 1120 315 75'9
1179 338 1183 349 Ι

660 402 744 477 Non
779 407 968 475 connivens
1004 419 1043 479 ut
1076 408 1121 470 ad

661 498 876 581 splendorem
910 493 988 557 solie
1030 515 1123 577 prae·
1217 568 1242 577 ..

661 584 777 647 strictio
797 584 919 656 oculis,
959 582 1121 664 adstupet,
1144 610 1172 641 ·.

663 671 721 735 sed
734 690 843 752 aeque
859 670 984 747 animo,
996 686 1034 734 et
1045 690 1125 734 ocu·
1228 712 1231 717 -

663 760 696 820 lo
708 777 781 819 non
794 770 903 833 moto,
927 778 987 820 eos
1005 759 1126 842 frigide
1171 812 1175 821 .
1207 790 1223 839 g

665 843 834 925 adspicere
861 844 996 924 potest.“
1057 872 1067 887 =

622 926 822 1007 Irriguun
867 951 917 1012 qu.
969 934 1127 1010 irrigatum

666 1016 792 1100 irriguo
814 1015 901 1077 nihil
927 1004 981 1078 fist*
1000 1018 1128 1080 elutior

667 1101 869 1184 (infipidiur)
894 1102 988 1164 horto
1006 1103 1044 1166 S.
1074 1106 1127 1167 H.
1230 1168 1233 1177 ,

668 1209 705 1267 4,
729 1191 778 1252 16.
808 1187 938 1264 „nichto
965 1202 1055 1271 taugt
1084 1211 1130 1252 zu

668 1271 958 1357 Kohlgewaclrsen
984 1274 1129 1353 minda,

668 1361 714 1423 alr
748 1361 805 1424 ein
843 1363 936 1423 durch
966 1363 1131 1446 Regiesseu

670 1446 911 1530 ourgcwosclrncr
996 1451 1130 1513 Bodro.“

670 1534 776 1609 (Plio.
816 1535 964 1600 XVIII
992 1557 1018 1615 5.
1045 1535 1132 1597 nihil

671 1618 717 1680 est
769 1620 959 1683 damnosius
1000 1621 1131 1684 deserto
1171 1630 1178 1649 '

672 1710 771 1787 agro).
785 1705 866 1769 hinc
877 1707 1042 1790 irriguum
1051 1708 1134 1785 (irri-

673 1798 798 1874 gatum)
824 1815 919 1856 mero
949 1815 1072 1876 corpur
1100 1794 1133 1855 S.

674 1881 723 1941 lL
755 1899 790 1953 1,
822 1899 851 1958 9.
883 1879 1007 1962 (‚‚irrig.
1037 1902 1134 1945 mero

652 1963 838 2026 *bestimmt
860 1965 919 2026 dar
941 1966 1069 2033 Maase:
1098 1987 1136 2028 er

675 2049 769 2127 sollte
792 2049 825 2114 lo
855 2050 924 2112 viel
950 2053 1057 2112 Wein
1082 2073 1136 2135 ge·
1164 2074 1167 2080 ·
1195 2058 1200 2063 “

675 2134 827 2213 niessen,
868 2137 915 2198 alr
954 2159 1017 2199 zur
1051 2130 1137 2200 Her·
1179 2175 1183 2181 ·
1218 2152 1221 2161 '

679 2211 918 2306 vorliringung'
953 2223 1048 2286 einer
1091 2226 1165 2291 se-.

649 2376 651 2381 ,
679 2308 749 2370 tren
779 2309 885 2372 tiesen
918 2306 1140 2374 Schlaseeno·
1189 2379 1221 2391 ,,

679 2394 751 2478 thig
773 2400 920 2474 ware.“).
1037 2457 1039 2461 .

640 2486 755 2549 Itcro.
782 2502 927 2563 aequor,
965 2481 1080 2546 cursus
1102 2485 1140 2545 C.

681 2569 712 2630 1·
737 2587 773 2646 7.
798 2573 902 2650 321·
927 2588 983 2650 34,
1027 2570 1143 2642 eite-

683 2674 760 2716 rum
803 2659 971 2736 ingredior‚'
1020 2660 1142 2738 navigo,
1196 2704 1198 2709 .

685 2740 818 2804 cursum
840 2743 877 2802 in
909 2743 994 2808 mari
1014 2763 1142 2828 repeto.

683 2826 823 2890 iteratur
851 2831 988 2899 fortuna
1017 2830 1144 2895 Troiae

686 2913 777 2975 clade
798 2918 915 2997 111.3,
937 2919 1001 2992 ec,
1026 2910 1147 2983 eadem

687 2998 766 3075 erit,
810 3000 933 3065 iterum
968 3018 1158 3073 evertetur.·
1229 3018 1232 3028 '

687 3085 784 3148 iterat
798 3092 1014 3170 poetamella
1027 3095 1080 3155 Π.
1096 3110 1146 3172 ιι).

689 3191 740 3234 11.
764 3175 855 3237 elicit
881 3177 1003 3239 iterum
1033 3200 1074 3241 ex
1100 3200 1148 3241 ar·

688 3260 839 3323 boribus.
872 3263 968 3326 iterat
995 3266 1149 3335 adulator
1180 3316 1183 3321 .

689 3348 944 3430 voceshospitir
971 3352 1011 3413 Ε.
1038 3354 1067 3414 Ι.
1097 3366 1148 3426 18,

692 3449 744 3499 rr.
793 3435 927 3516 repetit,
992 3429 1151 3518 repeten'e

693 3525 901 3600 comprobat,
958 3524 1150 3587 admiratur.

692 3602 832 3668 iteratur
861 3610 936 3670 lana
965 3611 1152 3673 muricibus

693 3691 758 3771 Ep.
779 3693 867 3757 XII.
881 3715 932 3760 21.
949 3694 1072 3776 iterum
1085 3694 1155 3761 srvc
1219 3772 1222 3777 ,

694 3777 747 3842 bia
768 3780 907 3865 tingitur
928 3786 1078 3865 purpure
1101 3781 1154 3858 (C.

669 3867 749 3949 ‘IL
782 3870 836 3946 16,
882 3887 932 3951 35.
966 3869 1018 3933 bie
1052 3869 1155 3932 tincta

695 3951 851 4032 murice).

155 4036 199 4106 e'o
225 4037 354 4123 argenti
390 4032 615 4119 splendorem.
655 4036 863 4104 Iudicium.
900 4061 962 4105 cur
995 3994 1098 4116 nond
1117 4050 1158 4104 ut
1225 4052 1228 4057 ’

897 4214 899 4219 Ι
1018 4206 1021 4212 ¹
1082 4146 1157 4210 pot·
